<record><leader>00000cas a2200000 a 4500</leader><controlfield tag="001">14756702</controlfield><controlfield tag="008">861117d18621877miudr ne      0    0eng c</controlfield><datafield ind1=" " ind2=" " tag="010"><subfield code="a">sn 86053892 </subfield></datafield><datafield ind1=" " ind2=" " tag="040"><subfield code="a">NPX</subfield><subfield code="b">eng</subfield><subfield code="c">NPX</subfield><subfield code="d">CNW</subfield><subfield code="d">NVF</subfield><subfield code="d">MHN</subfield><subfield code="d">OCL</subfield><subfield code="d">MHN</subfield><subfield code="d">OCLCQ</subfield><subfield code="d">OCLCF</subfield></datafield><datafield ind1="1" ind2=" " tag="029"><subfield code="a">AU@</subfield><subfield code="b">000005317208</subfield></datafield><datafield ind1=" " ind2=" " tag="042"><subfield code="a">pcc</subfield></datafield><datafield ind1=" " ind2=" " tag="043"><subfield code="a">n-us-mi</subfield></datafield><datafield ind1="0" ind2=" " tag="130"><subfield code="a">Detroit advertiser and tribune (Detroit, Mich. : Evening ed.)</subfield></datafield><datafield ind1="1" ind2="0" tag="245"><subfield code="a">Detroit advertiser and tribune.</subfield></datafield><datafield ind1="3" ind2="0" tag="246"><subfield code="a">Detroit tribune</subfield></datafield><datafield ind1="1" ind2="3" tag="246"><subfield code="a">Advertiser &amp; tribune</subfield></datafield><datafield ind1="1" ind2="3" tag="246"><subfield code="a">Advertiser and tribune</subfield></datafield><datafield ind1=" " ind2=" " tag="250"><subfield code="a">Evening ed.</subfield></datafield><datafield ind1=" " ind2=" " tag="260"><subfield code="a">Detroit [Mich.] :</subfield><subfield code="b">Advertiser and Tribune Co.</subfield></datafield><datafield ind1=" " ind2=" " tag="300"><subfield code="a">v.</subfield></datafield><datafield ind1=" " ind2=" " tag="310"><subfield code="a">Daily</subfield></datafield><datafield ind1="0" ind2=" " tag="362"><subfield code="a">Vol. 28, no. 1 (July 8, 1862)-</subfield></datafield><datafield ind1="1" ind2=" " tag="362"><subfield code="a">Ceased in Oct. 1877?</subfield><subfield code="z">Cf. Gregory, W. Amer. newspapers.</subfield></datafield><datafield ind1=" " ind2=" " tag="500"><subfield code="a">"Advertiser and" appears within title ornament, Dec. 28, 1863-</subfield></datafield><datafield ind1=" " ind2=" " tag="500"><subfield code="a">Issues also called: Afternoon ed., July 8, 1862-Dec. 26, 1863.</subfield></datafield><datafield ind1=" " ind2=" " tag="580"><subfield code="a">Other daily ed. available: Detroit advertiser and tribune (Detroit, Mich. : Morning ed.).</subfield></datafield><datafield ind1=" " ind2=" " tag="580"><subfield code="a">Weekly ed. available: Detroit advertiser and tribune (Detroit, Mich. : Weekly).</subfield></datafield><datafield ind1=" " ind2=" " tag="580"><subfield code="a">Triweekly ed. available: Detroit advertiser and tribune (Detroit, Mich. : Triweekly).</subfield></datafield><datafield ind1=" " ind2=" " tag="580"><subfield code="a">Formed by the union of: Evening tribune (Detroit, Mich.), and, in part: Detroit daily advertiser.</subfield></datafield><datafield ind1=" " ind2=" " tag="580"><subfield code="a">Merged with: Detroit advertiser and tribune (Detroit, Mich. : Morning ed.), and: Detroit daily post, to form: Detroit post and tribune (Detroit, Mich. : Daily).</subfield></datafield><datafield ind1=" " ind2="0" tag="651"><subfield code="a">Detroit (Mich.)</subfield><subfield code="v">Newspapers.</subfield></datafield><datafield ind1=" " ind2="0" tag="651"><subfield code="a">Wayne County (Mich.)</subfield><subfield code="v">Newspapers.</subfield></datafield><datafield ind1=" " ind2="7" tag="655"><subfield code="a">Newspapers.</subfield><subfield code="2">fast</subfield><subfield code="0">(OCoLC)fst01423814</subfield></datafield><datafield ind1=" " ind2="7" tag="651"><subfield code="a">Michigan</subfield><subfield code="z">Detroit.</subfield><subfield code="2">fast</subfield><subfield code="0">(OCoLC)fst01205010</subfield></datafield><datafield ind1=" " ind2="7" tag="651"><subfield code="a">Michigan</subfield><subfield code="z">Wayne County.</subfield><subfield code="2">fast</subfield><subfield code="0">(OCoLC)fst01206628</subfield></datafield><datafield ind1=" " ind2=" " tag="752"><subfield code="a">United States</subfield><subfield code="b">Michigan</subfield><subfield code="c">Wayne</subfield><subfield code="d">Detroit.</subfield></datafield><datafield ind1="1" ind2=" " tag="775"><subfield code="t">Detroit advertiser and tribune (Detroit, Mich. : Morning ed.)</subfield><subfield code="w">(DLC)sn 83016665</subfield><subfield code="w">(OCoLC)9974120</subfield></datafield><datafield ind1="1" ind2=" " tag="775"><subfield code="t">Detroit advertiser and tribune (Detroit, Mich. : Weekly)</subfield><subfield code="w">(DLC)sn 85033929</subfield><subfield code="w">(OCoLC)12322613</subfield></datafield><datafield ind1="1" ind2=" " tag="775"><subfield code="t">Detroit advertiser and tribune (Detroit, Mich. : Triweekly)</subfield><subfield code="w">(DLC)sn 86053893</subfield><subfield code="w">(OCoLC)14756716</subfield></datafield><datafield ind1="1" ind2="4" tag="780"><subfield code="t">Evening tribune (Detroit, Mich.)</subfield><subfield code="w">(DLC)sn 86053890</subfield><subfield code="w">(OCoLC)14756602</subfield></datafield><datafield ind1="1" ind2="4" tag="780"><subfield code="t">Detroit daily advertiser</subfield><subfield code="w">(DLC)sn 83016727</subfield><subfield code="w">(OCoLC)10077292</subfield></datafield><datafield ind1="1" ind2="7" tag="785"><subfield code="t">Detroit advertiser and tribune (Detroit, Mich. : Morning ed.)</subfield><subfield code="w">(DLC)sn 83016665</subfield><subfield code="w">(OCoLC)9974120</subfield></datafield><datafield ind1="1" ind2="7" tag="785"><subfield code="t">Detroit daily post</subfield><subfield code="w">(DLC)sn 85033925</subfield><subfield code="w">(OCoLC)12322597</subfield></datafield><datafield ind1="1" ind2="7" tag="785"><subfield code="t">Detroit post and tribune (Detroit, Mich. : Daily)</subfield><subfield code="w">(DLC)sn 85038339</subfield><subfield code="w">(OCoLC)13523678</subfield></datafield></record>